<?xml version="1.0" encoding="UTF-8"?><collection xmlns="http://www.loc.gov/MARC21/slim"><record><leader>00449nam--2200157-i-4500</leader><controlfield tag="001">000012539</controlfield><controlfield tag="002">20161230</controlfield><controlfield tag="005">20170304143615</controlfield><controlfield tag="008">060222s1000------------r-----000-0-eng-d</controlfield><datafield ind1=" " ind2=" " tag="100"><subfield code="a">Carey, A. L</subfield></datafield><datafield ind1=" " ind2=" " tag="245"><subfield code="a">Applocations of an algebraic quantisation of the electromagnetic field</subfield></datafield><datafield ind1=" " ind2=" " tag="260"><subfield code="a">Adelaide</subfield><subfield code="b">Department Of Mathematical Physics</subfield><subfield code="c">1978</subfield></datafield><datafield ind1=" " ind2=" " tag="300"><subfield code="a">26 p</subfield></datafield><datafield ind1=" " ind2=" " tag="700"><subfield code="a">Hurst, C. A</subfield></datafield><datafield ind1=" " ind2=" " tag="852"><subfield code="a">530.145(047.3)</subfield></datafield><datafield ind1=" " ind2=" " tag="CAT"><subfield code="a">SYS</subfield><subfield code="c">20170304</subfield><subfield code="h">143615</subfield></datafield></record></collection>